
@Article{Tree2018,
  Title     = {Marangoni flows during nonsolvent induced phase separation},
  Author    = {D. R. Tree and T. Iwama and K. T. Delaney and J. Lee and G. H. Fredrickson},
  Journal   = {{ACS} Macro Lett.},
  Year      = {2018},
  Pages     = {582--586},
  Volume    = {7},
  Doi       = {10.1021/acsmacrolett.8b00012},
}

