@article{citation-needed,
  title={A Paper About Something},
  author={Firstname Lastname},
  journal={Journal of Something},
  volume={1},
  pages={1--10},
  year={2007}
}

@Article{Discher1999,
  author    = {Bohdana M. Discher and You-Yeon Won and David S. Ege and James C.-M. Lee and Frank S. Bates and Dennis E. Discher and Daniel A. Hammer},
  title     = {Polymersomes: Tough Vesicles Made from Diblock Copolymers},
  journal   = {Science},
  year      = {1999},
  volume    = {284},
  pages     = {1143--1146},
  doi       = {10.1126/science.284.5417.1143}
}

@Article{Shen1999,
  author    = {Hongwei Shen and Adi Eisenberg},
  title     = {Morphological Phase Diagram for a Ternary System of Block Copolymer {PS}310-b-{PAA}52/Dioxane/{H2O}},
  journal   = {The Journal of Physical Chemistry B},
  year      = {1999},
  volume    = {103},
  pages     = {9473--9487},
  doi       = {10.1021/jp991365c}
}

@Article{Du2009,
  author    = {Jianzhong Du and Rachel K. O'Reilly},
  title     = {Advances and challenges in smart and functional polymer vesicles},
  journal   = {Soft Matter},
  year      = {2009},
  volume    = {5},
  pages     = {3544},
  doi       = {10.1039/b905635a}
}

@Article{Paxton2004,
  author    = {Walter F. Paxton and Kevin C. Kistler and Christine C. Olmeda and Ayusman Sen and Sarah K. St. Angelo and Yanyan Cao and Thomas E. Mallouk and Paul E. Lammert and Vincent H. Crespi},
  title     = {Catalytic Nanomotors:~ Autonomous Movement of Striped Nanorods},
  journal   = {Journal of the American Chemical Society},
  year      = {2004},
  volume    = {126},
  pages     = {13424--13431},
  doi       = {10.1021/ja047697z}
}

@Article{Paxton2006,
  author    = {Walter F. Paxton and Paul T. Baker and Timothy R. Kline and Yang Wang and Thomas E. Mallouk and Ayusman Sen},
  title     = {Catalytically Induced Electrokinetics for Motors and Micropumps},
  journal   = {Journal of the American Chemical Society},
  year      = {2006},
  volume    = {128},
  pages     = {14881--14888},
  doi       = {10.1021/ja0643164}
}

@Article{Li2009c,
  author    = {Dongbo Li and Walter F. Paxton and Ray H. Baughman and Tony Jun Huang and J. Fraser Stoddart and Paul S. Weiss},
  title     = {Molecular, Supramolecular, and Macromolecular Motors and Artificial Muscles},
  journal   = {{MRS} Bulletin},
  year      = {2009},
  volume    = {34},
  pages     = {671--681},
  doi       = {10.1557/mrs2009.179}
}

@Article{Paxton2013,
  author    = {Walter F. Paxton and Delisia Price and Nicholas J. Richardson},
  title     = {Hydroxide ion flux and {pH}-gradient driven ester hydrolysis in polymer vesicle reactors},
  journal   = {Soft Matter},
  year      = {2013},
  volume    = {9},
  pages     = {11295},
  doi       = {10.1039/c3sm51575c}
}

@Article{Henderson2014,
  author    = {Ian M. Henderson and Walter F. Paxton},
  title     = {Salt, Shake, Fuse-Giant Hybrid Polymer/Lipid Vesicles through Mechanically Activated Fusion},
  journal   = {Angewandte Chemie},
  year      = {2014},
  volume    = {126},
  pages     = {3440--3444},
  doi       = {10.1002/ange.201309433}
}

@Article{Paxton2015,
  author    = {Walter F. Paxton and Nathan F. Bouxsein and Ian M. Henderson and Andrew Gomez and George D. Bachand},
  title     = {Dynamic assembly of polymer nanotube networks via kinesin powered microtubule filaments},
  journal   = {Nanoscale},
  year      = {2015},
  volume    = {7},
  pages     = {10998--11004},
  doi       = {10.1039/c5nr00826c}
}

@Article{Adams2015,
  author    = {Peter G. Adams and Kirstie L. Swingle and Walter F. Paxton and John J. Nogan and Loreen R. Stromberg and Millicent A. Firestone and Harshini Mukundan and Gabriel A. Monta{\~{n}}o},
  title     = {Exploiting lipopolysaccharide-induced deformation of lipid bilayers to modify membrane composition and generate two-dimensional geometric membrane array patterns},
  journal   = {Scientific Reports},
  year      = {2015},
  volume    = {5},
  pages     = {10331},
  doi       = {10.1038/srep10331}
}

@Article{Henderson2015,
  author    = {Ian M. Henderson and Hope A. Quintana and Julio A. Martinez and Walter F. Paxton},
  title     = {Capable Cross-links: Polymersomes Reinforced with Catalytically Active Metal{\textendash}Ligand Bonds},
  journal   = {Chemistry of Materials},
  year      = {2015},
  volume    = {27},
  pages     = {4808--4813},
  doi       = {10.1021/acs.chemmater.5b01677}
}

@Article{Greene2016,
  author    = {Adrienne C. Greene and Ian M. Henderson and Andrew Gomez and Walter F. Paxton and Virginia VanDelinder and George D. Bachand},
  title     = {The Role of Membrane Fluidization in the Gel-Assisted Formation of Giant Polymersomes},
  journal   = {{PLOS} {ONE}},
  year      = {2016},
  volume    = {11},
  pages     = {e0158729},
  doi       = {10.1371/journal.pone.0158729},
  editor    = {Dariush Hinderberger}
}

@Article{Paxton2017,
  author    = {Walter F. Paxton and Patrick T. McAninch and Komandoor E. Achyuthan and Sun Hae Ra Shin and Haley L. Monteith},
  title     = {Monitoring and modulating ion traffic in hybrid lipid/polymer vesicles},
  journal   = {Colloids and Surfaces B: Biointerfaces},
  year      = {2017},
  volume    = {159},
  pages     = {268--276},
  doi       = {10.1016/j.colsurfb.2017.07.091}
}

@Article{Shin2018a,
  author    = {Sun Hae Ra Shin and Patrick T. McAninch and Ian M. Henderson and Andrew Gomez and Adrienne C. Greene and Eric C. Carnes and Walter F. Paxton},
  title     = {Self-assembly/disassembly of giant double-hydrophilic polymersomes at biologically-relevant {pH}},
  journal   = {Chemical Communications},
  year      = {2018},
  volume    = {54},
  pages     = {9043--9046},
  doi       = {10.1039/c8cc05155k}
}

@Article{Bates1999,
  author        = {Bates, Frank S. and Fredrickson, Glenn H.},
  title         = {Block Copolymers---Designer Soft Materials},
  journal       = {Physics Today},
  year          = {1999},
  volume        = {52},
  pages         = {32--38},
  doi           = {10.1063/1.882522}
}

@Book{Israelachvili2011,
  title     = {Intermolecular and Surface Forces},
  year      = {2011},
  author    = {Jacob N. Israelachvili},
  edition   = {3},
  publisher = {Elsevier},
  doi       = {10.1016/C2009-0-21560-1}
}

@Article{Huang2009a,
  author    = {Jianhua Huang and Yan Wang and Changji Qian},
  title     = {Simulation study on the formation of vesicle and influence of solvent},
  journal   = {The Journal of Chemical Physics},
  year      = {2009},
  volume    = {131},
  pages     = {234902},
  doi       = {10.1063/1.3273422}
}

@Article{Xiao2012,
  author    = {Mengying Xiao and Guangjie Xia and Rong Wang and Daiqian Xie},
  title     = {Controlling the self-assembly pathways of amphiphilic block copolymers into vesicles},
  journal   = {Soft Matter},
  year      = {2012},
  volume    = {8},
  pages     = {7865},
  doi       = {10.1039/c2sm25281c}
}

@Article{He2006,
  author    = {Xuehao He and Friederike Schmid},
  title     = {Dynamics of Spontaneous Vesicle Formation in Dilute Solutions of Amphiphilic Diblock Copolymers},
  journal   = {Macromolecules},
  year      = {2006},
  volume    = {39},
  pages     = {2654--2662},
  doi       = {10.1021/ma052536g}
}

@Article{He2008a,
  author    = {Xuehao He and Friederike Schmid},
  title     = {Spontaneous Formation of Complex Micelles from a Homogeneous Solution},
  journal   = {Physical Review Letters},
  year      = {2008},
  volume    = {100},
  pages     = {137802},
  doi       = {10.1103/physrevlett.100.137802}
}

@Article{Noguchi2001a,
  author    = {Hiroshi Noguchi and Masako Takasu},
  title     = {Self-assembly of amphiphiles into vesicles: A Brownian dynamics simulation},
  journal   = {Physical Review E},
  year      = {2001},
  volume    = {64},
  pages     = {041913},
  doi       = {10.1103/physreve.64.041913}
}

@Article{Noguchi2001,
  author    = {Noguchi, Hiroshi and Takasu, Masako},
  title     = {Fusion pathways of vesicles: A Brownian dynamics simulation},
  journal   = {The Journal of Chemical Physics},
  year      = {2001},
  volume    = {115},
  pages     = {9547},
  doi       = {10.1063/1.1414314}
}

@Article{Uneyama2005a,
  author    = {Uneyama, Takashi and Doi, Masao},
  title     = {Calculation of the Micellar Structure of Polymer Surfactant on the Basis of the Density Functional Theory},
  journal   = {Macromolecules},
  year      = {2005},
  volume    = {38},
  pages     = {5817--5825},
  doi       = {10.1021/ma0507746}
}

@Article{Uneyama2007,
  author    = {Uneyama, Takashi},
  title     = {Density functional simulation of spontaneous formation of vesicle in block copolymer solutions},
  journal   = {J. Chem. Phys.},
  year      = {2007},
  volume    = {126},
  pages     = {114902},
  doi       = {10.1063/1.2463426}
}

@Article{Pike2009,
  author    = {Pike, Darin Q. and Detcheverry, Francois A. and M\"{u}ller, Marcus and de Pablo, Juan J.},
  title     = {Theoretically informed coarse grain simulations of polymeric systems},
  journal   = {The Journal of Chemical Physics},
  year      = {2009},
  volume    = {131},
  pages     = {084903},
  doi       = {10.1063/1.3187936}
}

@Article{Ganesan2003,
  author    = {Ganesan, Venkat and Pryamitsyn, Victor},
  title     = {Dynamical mean-field theory for inhomogeneous polymeric systems},
  journal   = {The Journal of Chemical Physics},
  year      = {2003},
  volume    = {118},
  pages     = {4345},
  doi       = {10.1063/1.1557052}
}

@Article{Sevink2013,
  author    = {G. J. A. Sevink and M. Charlaganov and J. G. E. M. Fraaije},
  title     = {Coarse-grained hybrid simulation of liposomes},
  journal   = {Soft Matter},
  year      = {2013},
  volume    = {9},
  pages     = {2816},
  doi       = {10.1039/c2sm27492b}
}

@Article{Qi2017,
  author    = {Shuanhu Qi and Friederike Schmid},
  title     = {Dynamic Density Functional Theories for Inhomogeneous Polymer Systems Compared to Brownian Dynamics Simulations},
  journal   = {Macromolecules},
  year      = {2017},
  volume    = {50},
  pages     = {9831--9845},
  doi       = {10.1021/acs.macromol.7b02017}
}

@Article{Detcheverry2009,
  author    = {Detcheverry, François A. and Pike, Darin Q. and Nealey, Paul F. and M{\"u}ller, Marcus and de Pablo, Juan J.},
  title     = {{Monte} {Carlo} Simulation of Coarse Grain Polymeric Systems},
  journal   = {Physical Review Letters},
  year      = {2009},
  volume    = {102},
  pages     = {197801},
  doi       = {10.1103/physrevlett.102.197801}
}

@Article{Detcheverry2009a,
  author    = {Fran{\c{c}}ois A. Detcheverry and Darin Q. Pike and Umang Nagpal and Paul F. Nealey and Juan J. de Pablo},
  title     = {Theoretically informed coarse grain simulations of block copolymer melts: method and applications},
  journal   = {Soft Matter},
  year      = {2009},
  volume    = {5},
  pages     = {4858},
  doi       = {10.1039/b911646j}
}

@Article{Detcheverry2010a,
  author    = {Fran{\c{c}}ois A. Detcheverry and Darin Q. Pike and Paul F. Nealey and Marcus M{\"u}ller and Juan J. de Pablo},
  title     = {Simulations of theoretically informed coarse grain models of polymeric systems},
  journal   = {Faraday Discuss.},
  year      = {2010},
  volume    = {144},
  pages     = {111--125},
  doi       = {10.1039/b902283j}
}

@Article{Muller2005a,
  author    = {M{\"u}ller, Marcus and Smith, Grant D.},
  title     = {Phase separation in binary mixtures containing polymers: A quantitative comparison of single-chain-in-mean-field simulations and computer simulations of the corresponding multichain systems},
  journal   = {Journal of Polymer Science Part B: Polymer Physics},
  year      = {2005},
  volume    = {43},
  pages     = {934--958},
  doi       = {10.1002/polb.20385}
}

@Article{Delaney2016,
  author    = {Delaney, Kris T. and Fredrickson, Glenn H.},
  title     = {Recent Developments in Fully Fluctuating Field-Theoretic Simulations of Polymer Melts and Solutions},
  journal   = {J. Phys. Chem. B},
  year      = {2016},
  volume    = {120},
  pages     = {7615--7634},
  doi       = {10.1021/acs.jpcb.6b05704}
}


@Article{Yamamoto2002,
  author    = {Satoru Yamamoto and Yutaka Maruyama and {Shi-aki} Hyodo},
  title     = {Dissipative particle dynamics study of spontaneous vesicle formation of amphiphilic molecules},
  journal   = {The Journal of Chemical Physics},
  year      = {2002},
  volume    = {116},
  pages     = {5842--5849},
  doi       = {10.1063/1.1456031}
}

@Book{Fredrickson2006,
  author        = {Glenn H. Fredrickson},
  title         = {The Equilibrium Theory of Inhomogeneous Polymers},
  year          = {2006},
  publisher     = {Oxford University Press}
}

@Article{Popov2007,
  author    = {Popov, Yuri O. and Lee, Jonghoon and Fredrickson, Glenn H.},
  title     = {Field-theoretic simulations of polyelectrolyte complexation},
  journal   = {Journal of Polymer Science Part B: Polymer Physics},
  year      = {2007},
  volume    = {45},
  pages     = {3223--3230},
  doi       = {10.1002/polb.21334}
}

@Article{Lee2008,
  Author    = {Lee, Jonghoon and Popov, Yuri O. and Fredrickson, Glenn H.},
  Title     = {Complex coacervation: A field theoretic simulation study of polyelectrolyte complexation},
  Journal   = {The Journal of Chemical Physics},
  Year      = {2008},
  Pages     = {224908},
  Volume    = {128},
  Doi       = {10.1063/1.2936834}
}


@Article{Villet2014,
  Title     = {Efficient field-theoretic simulation of polymer solutions},
  Author    = {Villet, Michael C. and Fredrickson, Glenn H.},
  Journal   = {The Journal of Chemical Physics},
  Year      = {2014},
  Pages     = {224115},
  Volume    = {141},
  Doi       = {10.1063/1.4902886}
}

@Article{Alexander-Katz2005,
  Author    = {Alexander-Katz, Alfredo and Moreira, Andr{\'e} G. and Sides, Scott W. and Fredrickson, Glenn H.},
  Title     = {Field-theoretic simulations of polymer solutions: Finite-size and discretization effects},
  Journal   = {The Journal of Chemical Physics},
  Year      = {2005},
  Pages     = {014904},
  Volume    = {122},
  Doi       = {10.1063/1.1827211}
}

@Article{Discher2002,
  author    = {Dennis E. Discher and Adi Eisenberg},
  title     = {Polymer Vesicles},
  journal   = {Science},
  year      = {2002},
  volume    = {297},
  pages     = {967--973},
  doi       = {10.1126/science.1074972}
}

@InBook{Muller2005,
  author    = {M{\"u}ller, Marcus and Schmid, Friederike},
  title     = {Incorporating Fluctuations and Dynamics in Self-Consistent Field Theories for Polymer Blends},
  booktitle = {Advanced Computer Simulation Approaches for Soft Matter Sciences {II}},
  year      = {2005},
  publisher = {Springer Science and Business Media},
  pages     = {1--58},
  doi       = {10.1007/b136794}
}

@Article{Xiao2013,
  author    = {Mengying Xiao and Jiannan Liu and Jiexin Yang and Rong Wang and Daiqian Xie},
  title     = {Biomimetic membrane control of block copolymer vesicles with tunable wall thickness},
  journal   = {Soft Matter},
  year      = {2013},
  volume    = {9},
  pages     = {2434},
  doi       = {10.1039/c2sm26882e}
}

@Article{Larson1988a,
  author    = {R. G. Larson},
  title     = {{Monte} {Carlo} lattice simulation of amphiphilic systems in two and three dimensions},
  journal   = {The Journal of Chemical Physics},
  year      = {1988},
  volume    = {89},
  pages     = {1642--1650},
  doi       = {10.1063/1.455110}
}

@Article{Leibler1983,
  author    = {Leibler, Ludwik and Orland, Henri and Wheeler, John C.},
  title     = {Theory of critical micelle concentration for solutions of block copolymers},
  journal   = {J. Chem. Phys.},
  year      = {1983},
  volume    = {79},
  pages     = {3550},
  doi       = {10.1063/1.446209}
}

@Article{Noolandi1983,
  author    = {Jaan Noolandi and Kin Ming Hong},
  title     = {Theory of block copolymer micelles in solution},
  journal   = {Macromolecules},
  year      = {1983},
  volume    = {16},
  pages     = {1443--1448},
  doi       = {10.1021/ma00243a007}
}

@Article{Halperin1987,
  author    = {Halperin, A.},
  title     = {Polymeric micelles: a star model},
  journal   = {Macromolecules},
  year      = {1987},
  volume    = {20},
  pages     = {2943-2946},
  doi       = {10.1021/ma00177a051}
}

@Article{Zhang2017g,
  author    = {Qian Zhang and Jiaping Lin and Liquan Wang and Zhanwen Xu},
  title     = {Theoretical modeling and simulations of self-assembly of copolymers in solution},
  journal   = {Progress in Polymer Science},
  year      = {2017},
  volume    = {75},
  pages     = {1--30},
  doi       = {10.1016/j.progpolymsci.2017.04.003}
}

@Article{Binder2000,
  author    = {K Binder and M M{\"u}ller},
  title     = {{Monte} {Carlo} simulation of block copolymers},
  journal   = {Current Opinion in Colloid {\&} Interface Science},
  year      = {2000},
  volume    = {5},
  pages     = {314--322},
  doi       = {10.1016/s1359-0294(00)00074-1}
}

@Article{Chen2019,
  author    = {Hsieh Chen and Athanassios Z. Panagiotopoulos},
  title     = {Molecular Modeling of Surfactant Micellization Using Solvent Accessible Surface Area},
  journal   = {Langmuir},
  year      = {2019},
  volume    = {In Press},
  pages     = {},
  doi       = {10.1021/acs.langmuir.8b03440}
}

@Article{Capone2009,
  author    = {Barbara Capone and Carlo Pierleoni and Jean-Pierre Hansen and Vincent Krakoviack},
  title     = {Entropic Self-Assembly of Diblock Copolymers into Disordered and Ordered Micellar Phases},
  journal   = {The Journal of Physical Chemistry B},
  year      = {2009},
  volume    = {113},
  pages     = {3629--3638},
  doi       = {10.1021/jp805946z}
}

@Article{Wu2007,
  author    = {Wu, Jianzhong and Li, Zhidong},
  title     = {Density-Functional Theory for Complex Fluids},
  journal   = {Annual Review of Physical Chemistry},
  year      = {2007},
  volume    = {58},
  pages     = {85--112},
  doi       = {10.1146/annurev.physchem.58.032806.104650}
}

@Article{Bailey1964,
  author    = {F. E. Bailey and R. D. Lundberg and R. W. Callard},
  title     = {Some factors affecting the molecular association of poly(ethylene oxide) and poly(acrylic acid) in aqueous solution},
  journal   = {Journal of Polymer Science Part A: General Papers},
  year      = {1964},
  volume    = {2},
  pages     = {845--851},
  doi       = {10.1002/pol.1964.100020221}
}

@Article{Smith1959,
  author    = {K. L. Smith and A. E. Winslow and D. E. Petersen},
  title     = {Association Reactions for Poly(alkylene Oxides) and Polymeric Poly(carboxylic Acids)},
  journal   = {Industrial and Engineering Chemistry},
  year      = {1959},
  volume    = {51},
  pages     = {1361--1364},
  doi       = {10.1021/ie50599a029}
}

@Article{Liu2007b,
  author    = {Jianhong Liu and Herriyanto R. Sondjaja and Kam C. Tam},
  title     = {{\textalpha}-{Cyclodextrin}-Induced Self-Assembly of a Double-Hydrophilic Block Copolymer in Aqueous Solution},
  journal   = {Langmuir},
  year      = {2007},
  volume    = {23},
  pages     = {5106--5109},
  doi       = {10.1021/la063365r}
}

@Article{Reboul2011,
  author    = {J. Reboul and T. Nugay and N. Anik and H. Cottet and V. Ponsinet and M. In and P. Lacroix-Desmazes and C. G{\'{e}}rardin},
  title     = {Synthesis of double hydrophilic block copolymers and induced assembly with oligochitosan for the preparation of polyion complex micelles},
  journal   = {Soft Matter},
  year      = {2011},
  volume    = {7},
  pages     = {5836},
  doi       = {10.1039/c1sm05230f}
}

@Article{Sondjaja2008,
  author    = {H. Ronny Sondjaja and T. Alan Hatton and K. C. Tam},
  title     = {Self-Assembly of Poly(ethylene oxide)-block-poly(acrylic acid) Induced by {CaCl}2: Mechanistic Study},
  journal   = {Langmuir},
  year      = {2008},
  volume    = {24},
  pages     = {8501--8506},
  doi       = {10.1021/la800727e}
}

@Article{Khousakoun2004,
  author    = {Eric Khousakoun and Jean-Fran{\c{c}}ois Gohy and Robert J{\'{e}}r{\^{o}}me},
  title     = {Self-association of double-hydrophilic copolymers of acrylic acid and poly(ethylene oxide) macromonomer},
  journal   = {Polymer},
  year      = {2004},
  volume    = {45},
  pages     = {8303--8310},
  doi       = {10.1016/j.polymer.2004.10.020}
}

@Article{Hao2010,
  author    = {Jinkun Hao and Guangcui Yuan and Weidong He and He Cheng and Charles C. Han and Chi Wu},
  title     = {Interchain Hydrogen-Bonding-Induced Association of Poly(acrylic acid)-graft-poly(ethylene oxide) in Water},
  journal   = {Macromolecules},
  year      = {2010},
  volume    = {43},
  pages     = {2002--2008},
  doi       = {10.1021/ma9025515}
}

@Article{Power-Billard2004,
  author    = {K. Nicole Power-Billard and Richard J. Spontak and Ian Manners},
  title     = {Redox-Active Organometallic Vesicles: Aqueous Self-Assembly of a Diblock Copolymer with a Hydrophilic Polyferrocenylsilane Polyelectrolyte Block},
  journal   = {Angewandte Chemie},
  year      = {2004},
  volume    = {116},
  pages     = {1280--1284},
  doi       = {10.1002/ange.200352819}
}

@Article{Peng2014,
  author    = {Liao Peng and Anchao Feng and Meng Huo and Jinying Yuan},
  title     = {Ferrocene-based supramolecular structures and their applications in electrochemical responsive systems},
  journal   = {Chem. Commun.},
  year      = {2014},
  volume    = {50},
  pages     = {13005--13014},
  doi       = {10.1039/c4cc05192k}
}

@Article{Napoli2004,
 author    = {Alessandro Napoli and Mark J. Boerakker and Nicola Tirelli and Roeland J. M. Nolte and Nico A. J. M. Sommerdijk and Jeffrey A. Hubbell},
  title     = {Glucose-oxidase Based Self-Destructing Polymeric Vesicles},
  journal   = {Langmuir},
  year      = {2004},
  volume    = {20},
  pages     = {3487--3491},
  doi       = {10.1021/la0357054}
}

@Article{Liu2015d,
  author    = {Lichao Liu and Leilei Rui and Yun Gao and Weian Zhang},
  title     = {Self-assembly and disassembly of a redox-responsive ferrocene-containing amphiphilic block copolymer for controlled release},
  journal   = {Polymer Chemistry},
  year      = {2015},
  volume    = {6},
  pages     = {1817--1829},
  doi       = {10.1039/c4py01289e}
}

@Article{Kakizawa2001,
  author    = {Yasushi Kakizawa and Hideki Sakai and Aritomo Yamaguchi and Yukishige Kondo and Norio Yoshino and Masahiko Abe},
  title     = {Electrochemical Control of Vesicle Formation with a Double-Tailed Cationic Surfactant Bearing Ferrocenyl Moieties},
  journal   = {Langmuir},
  year      = {2001},
  volume    = {17},
  pages     = {8044--8048},
  doi       = {10.1021/la010772o}
}


@Article{Choi2005,
  author    = {Hyo-Jick Choi and Carlo D. Montemagno},
  title     = {Artificial Organelle: {ATP} Synthesis from Cellular Mimetic Polymersomes},
  journal   = {Nano Letters},
  year      = {2005},
  volume    = {5},
  pages     = {2538--2542},
  doi       = {10.1021/nl051896e}
}

@Article{Choi2005a,
  author    = {Hyo-Jick Choi and Hyeseung Lee and Carlo D Montemagno},
  title     = {Toward hybrid proteo-polymeric vesicles generating a photoinduced proton gradient for biofuel cells},
  journal   = {Nanotechnology},
  year      = {2005},
  volume    = {16},
  pages     = {1589--1597},
  doi       = {10.1088/0957-4484/16/9/031}
}

@Article{Lee2006,
  author    = {Hyeseung Lee and Dean Ho and Karen Kuo and Carlo D. Montemagno},
  title     = {Vectorial insertion of bacteriorhodopsin for directed orientation assays in various polymeric biomembranes},
  journal   = {Polymer},
  year      = {2006},
  volume    = {47},
  pages     = {2935--2941},
  doi       = {10.1016/j.polymer.2006.02.082}
}

@Article{Stoenescu2004,
  author    = {Roxana Stoenescu and Alexandra Graff and Wolfgang Meier},
  title     = {Asymmetric {ABC}-Triblock Copolymer Membranes Induce a Directed Insertion of Membrane Proteins},
  journal   = {Macromolecular Bioscience},
  year      = {2004},
  volume    = {4},
  pages     = {930--935},
  doi       = {10.1002/mabi.200400065}
}

@Article{Choi2006,
  author    = {Hyo-Jick Choi and Jeffrey Germain and Carlo D Montemagno},
  title     = {Effects of different reconstitution procedures on membrane protein activities in proteopolymersomes},
  journal   = {Nanotechnology},
  year      = {2006},
  volume    = {17},
  pages     = {1825--1830},
  doi       = {10.1088/0957-4484/17/8/003}
}

@Article{Lomora2015,
  author    = {Mihai Lomora and Martina Garni and Fabian Itel and Pascal Tanner and Mariana Spulber and Cornelia G. Palivan},
  title     = {Polymersomes with engineered ion selective permeability as stimuli-responsive nanocompartments with preserved architecture},
  journal   = {Biomaterials},
  year      = {2015},
  volume    = {53},
  pages     = {406--414},
  doi       = {10.1016/j.biomaterials.2015.02.080}
}

@Article{Lomora2015a,
  author    = {Mihai Lomora and Fabian Itel and Ionel Adrian Dinu and Cornelia G. Palivan},
  title     = {Selective ion-permeable membranes by insertion of biopores into polymersomes},
  journal   = {Physical Chemistry Chemical Physics},
  year      = {2015},
  volume    = {17},
  pages     = {15538--15546},
  doi       = {10.1039/c4cp05879h}
}

@Article{Seigneuret1986,
  author    = {Michel Seigneuret and Jean Louis Rigaud},
  title     = {Analysis of passive and light-driven ion movements in large bacteriorhodopsin liposomes reconstituted by reverse-phase evaporation. 2. Influence of passive permeability and back-pressure effects upon light-induced proton uptake},
  journal   = {Biochemistry},
  year      = {1986},
  volume    = {25},
  pages     = {6723--6730},
  doi       = {10.1021/bi00369a060}
}

@InCollection{Rigaud2003,
  author    = {Jean-Louis Rigaud and Daniel L{\'{e}}vy},
  title     = {Reconstitution of Membrane Proteins into Liposomes},
  booktitle = {Methods in Enzymology},
  publisher = {Elsevier},
  year      = {2003},
  pages     = {65--86},
  doi       = {10.1016/s0076-6879(03)72004-7}
}

@Article{Tunuguntla2013,
  author    = {Ramya Tunuguntla and Mangesh Bangar and Kyunghoon Kim and Pieter Stroeve and Caroline Ajo-Franklin and Aleksandr Noy},
  title     = {Orientation of Proteorhodopsin in Artificial Membranes is affected by Lipid Bilayer Composition},
  journal   = {Biophysical Journal},
  year      = {2013},
  volume    = {104},
  pages     = {373a},
  doi       = {10.1016/j.bpj.2012.11.2072}
}

@Article{Halliwell2001,
  author    = {Catherine M. Halliwell and Gareth Morgan and Chung-Pei Ou and Anthony E.G. Cass},
  title     = {Introduction of a (Poly)histidine Tag in -Lactate Dehydrogenase Produces a Mixture of Active and Inactive Molecules},
  journal   = {Analytical Biochemistry},
  year      = {2001},
  volume    = {295},
  pages     = {257--261},
  doi       = {10.1006/abio.2001.5182}
}

@Article{Cheng2008,
  author    = {Tian-Lu Cheng and Steve Roffler},
  title     = {Membrane-tethered proteins for basic research, imaging, and therapy},
  journal   = {Medicinal Research Reviews},
  year      = {2008},
  volume    = {28},
  pages     = {885--928},
  doi       = {10.1002/med.20127}
}

@Article{Pellegatti2005,
  author    = {Patrizia Pellegatti and Simonetta Falzoni and Paolo Pinton and Rosario Rizzuto and Francesco Di Virgilio},
  title     = {A Novel Recombinant Plasma Membrane-targeted Luciferase Reveals a New Pathway for {ATP} Secretion},
  journal   = {Molecular Biology of the Cell},
  year      = {2005},
  volume    = {16},
  pages     = {3659--3665},
  doi       = {10.1091/mbc.e05-03-0222}
}

@Article{Sengupta2014,
  author    = {Samudra Sengupta and Debabrata Patra and Isamar Ortiz-Rivera and Arjun Agrawal and Sergey Shklyaev and Krishna K. Dey and Ubaldo C{\'{o}}rdova-Figueroa and Thomas E. Mallouk and Ayusman Sen},
  title     = {Self-powered enzyme micropumps},
  journal   = {Nature Chemistry},
  year      = {2014},
  volume    = {6},
  pages     = {415--422},
  doi       = {10.1038/nchem.1895}
}


@Article{Srere1987,
  author    = {Paul A. Srere},
  title     = {Complexes of Sequential Metabolic Enzymes},
  journal   = {Annual Review of Biochemistry},
  year      = {1987},
  volume    = {56},
  pages     = {89--124},
  doi       = {10.1146/annurev.bi.56.070187.000513}
}

@Article{Bulutoglu2016,
  author    = {Beyza Bulutoglu and Kristen E. Garcia and Fei Wu and Shelley D. Minteer and Scott Banta},
  title     = {Direct Evidence for Metabolon Formation and Substrate Channeling in Recombinant {TCA} Cycle Enzymes},
  journal   = {{ACS} Chemical Biology},
  year      = {2016},
  volume    = {11},
  pages     = {2847--2853},
  doi       = {10.1021/acschembio.6b00523}
}

@Article{Wu2013,
  author    = {Fei Wu and Shelley D. Minteer},
  title     = {Fluorescence Characterization of Co-immobilization-Induced Multi-Enzyme Aggregation in a Polymer Matrix Using Förster Resonance Energy Transfer ({FRET}): Toward the Metabolon Biomimic},
  journal   = {Biomacromolecules},
  year      = {2013},
  volume    = {14},
  pages     = {2739--2749},
  doi       = {10.1021/bm400569k}
}

@Article{Micheletto2016,
  author    = {Yasmine Miguel Serafini Micheletto and Carlo Frederico Moro and Fernanda Cortez Lopes and Rodrigo Ligabue-Braun and Anne Helene Souza Martinelli and Carlos Manuel Marques and Andr{\'{e}} Pierre Schroder and C{\'{e}}lia Regina Carlini and N{\'{a}}dya Pesce da Silveira},
  title     = {Interaction of jack bean ( Canavalia ensiformis ) urease and a derived peptide with lipid vesicles},
  journal   = {Colloids and Surfaces B: Biointerfaces},
  year      = {2016},
  volume    = {145},
  pages     = {576--585},
  doi       = {10.1016/j.colsurfb.2016.05.063}
}

@Article{Jaffe1974,
  author    = {Lionel F. Jaffe and Kenneth R. Robinson and Richard Nuccitelli},
  title     = {LOCAL CATION ENTRY AND SELF-ELECTROPHORESIS AS AN INTRACELLULAR LOCALIZATION MECHANISM},
  journal   = {Annals of the New York Academy of Sciences},
  year      = {1974},
  volume    = {238},
  pages     = {372--389},
  doi       = {10.1111/j.1749-6632.1974.tb26805.x}
}

@Article{Stachowiak2012,
  author    = {Jeanne C. Stachowiak and Eva M. Schmid and Christopher J. Ryan and Hyoung Sook Ann and Darryl Y. Sasaki and Michael B. Sherman and Phillip L. Geissler and Daniel A. Fletcher and Carl C. Hayden},
  title     = {Membrane bending by protein{\textendash}protein crowding},
  journal   = {Nature Cell Biology},
  year      = {2012},
  volume    = {14},
  pages     = {944--949},
  doi       = {10.1038/ncb2561}
}

@Article{Nawa2015,
  author    = {Erika Nawa and Daigo Yamamoto and Akihisa Shioi},
  title     = {Chemotactic Amoeboid-Like Shape Change of a Vesicle under a {pH} Gradient},
  journal   = {Bulletin of the Chemical Society of Japan},
  year      = {2015},
  volume    = {88},
  pages     = {1536--1544},
  doi       = {10.1246/bcsj.20150190}
}

@Article{Winfree1984,
  author    = {A. T. Winfree},
  title     = {The prehistory of the Belousov-Zhabotinsky oscillator},
  journal   = {Journal of Chemical Education},
  year      = {1984},
  volume    = {61},
  pages     = {661},
  doi       = {10.1021/ed061p661}
}

@Article{Yoshida2014,
  author    = {Ryo Yoshida and Takeshi Ueki},
  title     = {Evolution of self-oscillating polymer gels as autonomous polymer systems},
  journal   = {{NPG} Asia Materials},
  year      = {2014},
  volume    = {6},
  pages     = {e107--e107},
  doi       = {10.1038/am.2014.32}
}

@Article{Yoshida2010,
  author    = {Ryo Yoshida},
  title     = {Self-Oscillating Gels Driven by the Belousov-Zhabotinsky Reaction as Novel Smart Materials},
  journal   = {Advanced Materials},
  year      = {2010},
  volume    = {22},
  pages     = {3463--3483},
  doi       = {10.1002/adma.200904075}
}

@Article{Erbas-Cakmak2015,
  author    = {Sundus Erbas-Cakmak and David A. Leigh and Charlie T. McTernan and Alina L. Nussbaumer},
  title     = {Artificial Molecular Machines},
  journal   = {Chemical Reviews},
  year      = {2015},
  volume    = {115},
  pages     = {10081--10206},
  doi       = {10.1021/acs.chemrev.5b00146}
}

@Article{Paxton2005,
  author    = {Walter F. Paxton and Ayusman Sen and Thomas E. Mallouk},
  title     = {Motility of Catalytic Nanoparticles through Self-Generated Forces},
  journal   = {Chemistry - A European Journal},
  year      = {2005},
  volume    = {11},
  pages     = {6462--6470},
  doi       = {10.1002/chem.200500167}
}

@Article{Wilson2012,
  author    = {Daniela A. Wilson and Roeland J. M. Nolte and Jan C. M. van Hest},
  title     = {Entrapment of Metal Nanoparticles in Polymer Stomatocytes},
  journal   = {Journal of the American Chemical Society},
  year      = {2012},
  volume    = {134},
  pages     = {9894--9897},
  doi       = {10.1021/ja3029872}
}

@Article{Boekhoven2015,
  author    = {J. Boekhoven and W. E. Hendriksen and G. J. M. Koper and R. Eelkema and J. H. van Esch},
  title     = {Transient assembly of active materials fueled by a chemical reaction},
  journal   = {Science},
  year      = {2015},
  volume    = {349},
  pages     = {1075--1079},
  doi       = {10.1126/science.aac6103}
}

@Article{Wang2018d,
  author    = {Yiming Wang and Frank Versluis and Sander Oldenhof and Vasudevan Lakshminarayanan and Kai Zhang and Yunwei Wang and Jie Wang and Rienk Eelkema and Xuhong Guo and Jan H. van Esch},
  title     = {Directed Nanoscale Self-Assembly of Low Molecular Weight Hydrogelators Using Catalytic Nanoparticles},
  journal   = {Advanced Materials},
  year      = {2018},
  volume    = {30},
  pages     = {1707408},
  doi       = {10.1002/adma.201707408}
}

@Article{Trausel2017,
  author    = {Fanny Trausel and Chandan Maity and Jos M. Poolman and D. S. J. Kouwenberg and Frank Versluis and Jan H. van Esch and Rienk Eelkema},
  title     = {Chemical signal activation of an organocatalyst enables control over soft material formation},
  journal   = {Nature Communications},
  year      = {2017},
  volume    = {8},
  doi       = {10.1038/s41467-017-00998-3}
}

@Article{Nagel2004,
  author    = {Megan Nagel and Walter F. Paxton and Ayusman Sen and Lev Zakharov and Arnold L. Rheingold},
  title     = {Metal-Mediated Polymerization of Acrylates:~ Relevance of Radical Traps?},
  journal   = {Macromolecules},
  year      = {2004},
  volume    = {37},
  pages     = {9305--9307},
  doi       = {10.1021/ma0485437}
}

@Article{Jones2018,
  author    = {Brad H. Jones and George D. Bachand and Sun Hae Ra Shin and Millicent A. Firestone and Walter F. Paxton},
  title     = {Dynamic Control over Aqueous Poly(butadiene-b-ethylene oxide) Self-Assembly through Olefin Metathesis},
  journal   = {Macromolecules},
  year      = {2018},
  volume    = {51},
  pages     = {6543--6551},
  doi       = {10.1021/acs.macromol.8b01417}
}


@Article{Henderson2014a,
  author    = {Ian M. Henderson and Peter G. Adams and Gabriel A. Monta{\~{n}}o and Walter F. Paxton},
  title     = {Ionic effects on the behavior of thermoresponsive {PEO}-{PNIPAAm} block copolymers},
  journal   = {Journal of Polymer Science Part B: Polymer Physics},
  year      = {2014},
  volume    = {52},
  pages     = {507--516},
  doi       = {10.1002/polb.23444}
}

@Article{Spruell2009,
  author    = {Jason M. Spruell and Walter F. Paxton and John-Carl Olsen and Diego Benitez and Ekaterina Tkatchouk and Charlotte L. Stern and Ali Trabolsi and Douglas C. Friedman and William A. Goddard and J. Fraser Stoddart},
  title     = {A Push-Button Molecular Switch},
  journal   = {Journal of the American Chemical Society},
  year      = {2009},
  volume    = {131},
  pages     = {11571--11580},
  doi       = {10.1021/ja904104c}
}

@Article{Spruell2010,
  author    = {Jason M. Spruell and Ali Coskun and Douglas C. Friedman and Ross S. Forgan and Amy A. Sarjeant and Ali Trabolsi and Albert C. Fahrenbach and Gokhan Barin and Walter F. Paxton and Sanjeev K. Dey and Mark A. Olson and Diego Benitez and Ekaterina Tkatchouk and Michael T. Colvin and Raanan Carmielli and Stuart T. Caldwell and Georgina M. Rosair and Shanika Gunatilaka Hewage and Florence Duclairoir and Jennifer L. Seymour and Alexandra M. Z. Slawin and William A. Goddard and Michael R. Wasielewski and Graeme Cooke and J. Fraser Stoddart},
  title     = {Highly stable tetrathiafulvalene radical dimers in [3]catenanes},
  journal   = {Nature Chemistry},
  year      = {2010},
  volume    = {2},
  pages     = {870--879},
  doi       = {10.1038/nchem.749}
}

@Article{Paxton2011,
  author    = {Walter F. Paxton and Samuel L. Kleinman and Ashish N. Basuray and J. Fraser Stoddart and Richard P. Van Duyne},
  title     = {Surface-Enhanced Raman Spectroelectrochemistry of {TTF}-Modified Self-Assembled Monolayers},
  journal   = {The Journal of Physical Chemistry Letters},
  year      = {2011},
  volume    = {2},
  pages     = {1145--1149},
  doi       = {10.1021/jz200523q}
}

@Article{Li2011b,
  author    = {Hao Li and Yan-Li Zhao and Albert C. Fahrenbach and Soo-Young Kim and Walter F. Paxton and J. Fraser Stoddart},
  title     = {Degenerate [2]rotaxanes with electrostatic barriers},
  journal   = {Organic {\&} Biomolecular Chemistry},
  year      = {2011},
  volume    = {9},
  pages     = {2240},
  doi       = {10.1039/c0ob00937g}
}

@Article{Gassensmith2012,
  author    = {Jeremiah J. Gassensmith and Petra M. Erne and Walter F. Paxton and Marco Frasconi and Martin D. Donakowski and J. Fraser Stoddart},
  title     = {Patterned Assembly of Quantum Dots onto Surfaces Modified with Click Microcontact Printing},
  journal   = {Advanced Materials},
  year      = {2012},
  volume    = {25},
  pages     = {223--226},
  doi       = {10.1002/adma.201202606}
}

@Article{Kline2005,
  author    = {Timothy R. Kline and Walter F. Paxton and Yang Wang and Darrell Velegol and Thomas E. Mallouk and Ayusman Sen},
  title     = {Catalytic Micropumps:~ Microscopic Convective Fluid Flow and Pattern Formation},
  journal   = {Journal of the American Chemical Society},
  year      = {2005},
  volume    = {127},
  pages     = {17150--17151},
  doi       = {10.1021/ja056069u}
}

@Article{Kline2005a,
  author    = {Timothy R. Kline and Walter F. Paxton and Thomas E. Mallouk and Ayusman Sen},
  title     = {Catalytic Nanomotors: Remote-Controlled Autonomous Movement of Striped Metallic Nanorods},
  journal   = {Angewandte Chemie International Edition},
  year      = {2005},
  volume    = {44},
  pages     = {744--746},
  doi       = {10.1002/anie.200461890}
}

@Article{Paxton2006a,
  author    = {Walter F. Paxton and Shakuntala Sundararajan and Thomas E. Mallouk and Ayusman Sen},
  title     = {Chemical Locomotion},
  journal   = {Angewandte Chemie International Edition},
  year      = {2006},
  volume    = {45},
  pages     = {5420--5429},
  doi       = {10.1002/anie.200600060}
}

@Article{Dhar2006,
  author    = {P. Dhar and Th. M. Fischer and Y. Wang and T. E. Mallouk and W. F. Paxton and A. Sen},
  title     = {Autonomously Moving Nanorods at a Viscous Interface},
  journal   = {Nano Letters},
  year      = {2006},
  volume    = {6},
  pages     = {66--72},
  doi       = {10.1021/nl052027s}
}

@Article{Paxton2009,
  author    = {Walter F. Paxton and Jason M. Spruell and J. Fraser Stoddart},
  title     = {Heterogeneous Catalysis of a Copper-Coated Atomic Force Microscopy Tip for Direct-Write Click Chemistry},
  journal   = {Journal of the American Chemical Society},
  year      = {2009},
  volume    = {131},
  pages     = {6692--6694},
  doi       = {10.1021/ja9015974}
}

@Article{Ting2018,
  author    = {Christina L. Ting and Neha Awasthi and Marcus M{\"u}ller and Jochen S. Hub},
  title     = {Metastable Prepores in Tension-Free Lipid Bilayers},
  journal   = {Physical Review Letters},
  year      = {2018},
  volume    = {120},
  pages     = {128103},
  doi       = {10.1103/physrevlett.120.128103}
}

@Article{Discher2006,
  author    = {Dennis E. Discher and Fariyal Ahmed},
  title     = {Polymersomes},
  journal   = {Annual Review of Biomedical Engineering},
  year      = {2006},
  volume    = {8},
  pages     = {323--341},
  doi       = {10.1146/annurev.bioeng.8.061505.095838}
}

@Article{Henderson2014b,
  author    = {Ian M. Henderson and Walter F. Paxton},
  title     = {Control of mechanically activated polymersome fusion: Factors affecting fusion},
  journal   = {Journal of Polymer Science Part B: Polymer Physics},
  year      = {2014},
  volume    = {53},
  pages     = {297--303},
  doi       = {10.1002/polb.23650}
}

@Article{Rostovtsev2002,
  author    = {Vsevolod V. Rostovtsev and Luke G. Green and Valery V. Fokin and K. Barry Sharpless},
  title     = {A Stepwise Huisgen Cycloaddition Process: Copper(I)-Catalyzed Regioselective "Ligation" of Azides and Terminal Alkynes},
  journal   = {Angewandte Chemie},
  year      = {2002},
  volume    = {114},
  pages     = {2708--2711},
  doi       = {10.1002/1521-3757(20020715)114:14<2708::aid-ange2708>3.0.co;2-0}
}

@Article{Wang2003a,
  author    = {Qian Wang and Timothy R. Chan and Robert Hilgraf and Valery V. Fokin and K. Barry Sharpless and M. G. Finn},
  title     = {Bioconjugation by Copper(I)-Catalyzed Azide-Alkyne [3 $+$ 2] Cycloaddition},
  journal   = {Journal of the American Chemical Society},
  year      = {2003},
  volume    = {125},
  pages     = {3192--3193},
  doi       = {10.1021/ja021381e}
}

@Article{Power-Billard2002,
  author    = {K. Nicole Power-Billard and Ian Manners},
  title     = {Water-Soluble Block Copolymers with an Organometallic Polyferrocenylsilane Polyelectrolyte Block via a Sequential Anionic Transition Metal-Catalyzed Polymerization Approach},
  journal   = {Macromolecular Rapid Communications},
  year      = {2002},
  volume    = {23},
  pages     = {607},
  doi       = {10.1002/1521-3927(20020701)23:10/11<607::aid-marc607>3.0.co;2-u}
}

@Article{Weinberger2013,
  author    = {Andreas Weinberger and Feng-Ching Tsai and Gijsje H. Koenderink and Thais F. Schmidt and Ros{\^{a}}ngela Itri and Wolfgang Meier and Tatiana Schmatko and Andr{\'{e}} Schr{\"o}der and Carlos Marques},
  title     = {Gel-Assisted Formation of Giant Unilamellar Vesicles},
  journal   = {Biophysical Journal},
  year      = {2013},
  volume    = {105},
  pages     = {154--164},
  doi       = {10.1016/j.bpj.2013.05.024}
}

@Article{Angelova1986,
  author    = {Miglena I. Angelova and Dimiter S. Dimitrov},
  title     = {Liposome electroformation},
  journal   = {Faraday Discussions of the Chemical Society},
  year      = {1986},
  volume    = {81},
  pages     = {303},
  doi       = {10.1039/dc9868100303}
}

@Article{Rigaud1995,
  author    = {Jean-Louis Rigaud and Bruno Pitard and Daniel Levy},
  title     = {Reconstitution of membrane proteins into liposomes: application to energy-transducing membrane proteins},
  journal   = {Biochimica et Biophysica Acta ({BBA}) - Bioenergetics},
  year      = {1995},
  volume    = {1231},
  pages     = {223--246},
  doi       = {10.1016/0005-2728(95)00091-v}
}

@Article{Krajewska2009,
  author    = {Barbara Krajewska},
  title     = {Ureases {I}. Functional, catalytic and kinetic properties: A review},
  journal   = {Journal of Molecular Catalysis B: Enzymatic},
  year      = {2009},
  volume    = {59},
  pages     = {9--21},
  doi       = {10.1016/j.molcatb.2009.01.003}
}

@Article{Morales2007,
  author    = {Mar{\'{\i}}a Dolores Morales and Beatriz Serra and Ana Guzm{\'{a}}n-V{\'{a}}zquez de Prada and {\'{A}}ngel Julio Reviejo and Jos{\'{e}} Manuel Pingarr{\'{o}}n},
  title     = {An electrochemical method for simultaneous detection and identification of Escherichia coli, Staphylococcus aureus and Salmonella choleraesuis using a glucose oxidase-peroxidase composite biosensor},
  journal   = {The Analyst},
  year      = {2007},
  volume    = {132},
  pages     = {572--578},
  doi       = {10.1039/b618159g}
}

@Article{Epton1977,
  author    = {Roger Epton and Michael E. Hobson and George Marr},
  title     = {Enzyme catalysed oxidation of ferrocene compounds},
  journal   = {Journal of Organometallic Chemistry},
  year      = {1977},
  volume    = {134},
  pages     = {C23--C26},
  doi       = {10.1016/s0022-328x(00)81426-6}
}

@Article{Karatekin2003,
  author    = {Erdem Karatekin and Olivier Sandre and Francoise Brochard-Wyart},
  title     = {Transient pores in vesicles},
  journal   = {Polymer International},
  year      = {2003},
  volume    = {52},
  pages     = {486--493},
  doi       = {10.1002/pi.1007}
}

@Article{Groves1997,
  author    = {J. T. Groves},
  title     = {Micropatterning Fluid Lipid Bilayers on Solid Supports},
  journal   = {Science},
  year      = {1997},
  volume    = {275},
  pages     = {651--653},
  doi       = {10.1126/science.275.5300.651}
}

@Article{Mitchell1972,
  author    = {Peter Mitchell},
  title     = {Self-electrophoretic locomotion in microorganisms: Bacterial flagella as giant ionophores},
  journal   = {{FEBS} Letters},
  year      = {1972},
  volume    = {28},
  pages     = {1--4},
  doi       = {10.1016/0014-5793(72)80661-6}
}

@Article{Lammert1996,
  author    = {P.E. Lammert and J. Prost and R. Bruinsma},
  title     = {Ion Drive for Vesicles and Cells},
  journal   = {Journal of Theoretical Biology},
  year      = {1996},
  volume    = {178},
  pages     = {387--391},
  doi       = {10.1006/jtbi.1996.0035}
}

@Article{Jaffe1977,
  author    = {Lionel F. Jaffe},
  title     = {Electrophoresis along cell membranes},
  journal   = {Nature},
  year      = {1977},
  volume    = {265},
  pages     = {600--602},
  doi       = {10.1038/265600a0}
}

@Article{Poo1977,
  author    = {Mu-ming Poo and Kenneth R. Robinson},
  title     = {Electrophoresis of concanavalin A receptors along embryonic muscle cell membrane},
  journal   = {Nature},
  year      = {1977},
  volume    = {265},
  pages     = {602--605},
  doi       = {10.1038/265602a0}
}

@Article{Paternostre1988,
  author    = {Marie Therese Paternostre and Michel Roux and Jean Louis Rigaud},
  title     = {Mechanisms of membrane protein insertion into liposomes during reconstitution procedures involving the use of detergents. 1. Solubilization of large unilamellar liposomes (prepared by reverse-phase evaporation) by Triton X-100, octyl glucoside, and sodium cholate},
  journal   = {Biochemistry},
  year      = {1988},
  volume    = {27},
  pages     = {2668--2677},
  doi       = {10.1021/bi00408a006}
}

@Article{Lei2003,
  author    = {Guohua Lei and Robert C. MacDonald},
  title     = {Lipid Bilayer Vesicle Fusion: Intermediates Captured by High-Speed Microfluorescence Spectroscopy},
  journal   = {Biophysical Journal},
  year      = {2003},
  volume    = {85},
  pages     = {1585--1599},
  doi       = {10.1016/s0006-3495(03)74590-1}
}

@Article{Lee2002,
  author    = {James C.-M. Lee and Maria Santore and Frank S. Bates and Dennis E. Discher},
  title     = {From Membranes to Melts, Rouse to Reptation:~ Diffusion in Polymersome versus Lipid Bilayers},
  journal   = {Macromolecules},
  year      = {2002},
  volume    = {35},
  pages     = {323--326},
  doi       = {10.1021/ma0112063}
}

@Article{Discher2002a,
  author    = {Bohdana M. Discher and Harry Bermudez and Daniel A. Hammer and Dennis E. Discher and You-Yeon Won and Frank S. Bates},
  title     = {Cross-linked Polymersome Membranes:~ Vesicles with Broadly Adjustable Properties},
  journal   = {The Journal of Physical Chemistry B},
  year      = {2002},
  volume    = {106},
  pages     = {2848--2854},
  doi       = {10.1021/jp011958z}
}

@Article{Ganesan2001,
  author    = {Ganesan, V and Fredrickson, G. H},
  title     = {Field-theoretic polymer simulations},
  journal   = {Europhysics Letters},
  year      = {2001},
  volume    = {55},
  pages     = {814--820},
  doi       = {10.1209/epl/i2001-00353-8}
}

@Article{Duchs2003,
  Title                    = {Fluctuation Effects in Ternary {AB + A + B} Polymeric Emulsions},
  Author                   = {D{\"u}chs, Dominik and Ganesan, Venkat and Fredrickson, Glenn H. and Schmid, Friederike},
  Journal                  = {Macromolecules},
  Year                     = {2003},
  Pages                    = {9237--9248},
  Volume                   = {36},
  Doi                      = {10.1021/ma030201y}
}

@Article{Tree2018,
  author    = {Douglas R. Tree and Tatsuhiro Iwama and Kris T. Delaney and Joshua Lee and Glenn H. Fredrickson},
  title     = {Marangoni Flows during Nonsolvent Induced Phase Separation},
  journal   = {{ACS} Macro Letters},
  year      = {2018},
  volume    = {7},
  pages     = {582--586},
  doi       = {10.1021/acsmacrolett.8b00012},
}

@Article{Tree2017,
  author    = {Douglas R. Tree and Kris T. Delaney and Hector D. Ceniceros and Tatsuhiro Iwama and Glenn H. Fredrickson},
  title     = {A multi-fluid model for microstructure formation in polymer membranes},
  journal   = {Soft Matter},
  year      = {2017},
  volume    = {13},
  pages     = {3013--3030},
  doi       = {10.1039/C6SM02839J}
}

@article{Dorfman2014,
    author = {Kevin D. Dorfman and Damini Gupta and Aashish Jain and Abhiram Muralidhar and Douglas R. Tree},
    usera={5},
    title = {Hydrodynamics of DNA confined in nanoslits and nanochannels},
    journal = {Eur. Phys. J. Spec. Top.},
    year = {2014},
    month = {12},
    volume = {223},
    pages = {3179--3200},
    doi = {10.1140/epjst/e2014-02326-4}
}

@article{Muralidhar2014b,
    author = {Muralidhar, Abhiram and Tree, Douglas R. and Dorfman, Kevin D.},
    usera={2},
    title = {Backfolding of Wormlike Chains Confined in Nanochannels},
    journal = {Macromolecules},
    volume = {47},
    pages = {8446--8458},
    year = {2014},
    month = {11},
    doi = {10.1021/ma501687k}
}

@article{Tree2014,
    author = {Tree, Douglas R. and Reinhart, Wesley F. and Dorfman, Kevin D.},
    title = {The Odijk Regime in Slits},
    journal = {Macromolecules},
    volume = {47},
    number = {11},
    pages = {3672--3684},
    year = {2014},
    month = {5},
    doi = {10.1021/ma500647v}
}

@article{Muralidhar2014a,
	Author = {Muralidhar, Abhiram and Tree, Douglas R. and Wang, Yanwei and Dorfman, Kevin D.},
  usera={2},
	Journal = {J. Chem. Phys.},
	Eid = {084905},
	Title = {Interplay between chain stiffness and excluded volume of semiflexible polymers confined in nanochannels},
	Volume = {140},
    Month = {2},
	Year = {2014},
    doi = {10.1063/1.4865965}
}

@article{Tree2013c,
	Author = {Tree, Douglas R. and Wang, Yanwei and Kevin D. Dorfman},
	Title = {Modeling the Relaxation Time of DNA Confined in a Nanochannel},
	Journal = {Biomicrofluidics},
	Year = {2013},
    Month = {10},
    Volume = {7},
    Pages = {054118},
    Doi = {10.1063/1.4826156}
}

@article{Tree2013b,
	Author = {Tree, Douglas R. and Muralidhar, Abhiram and Doyle, Patrick S. and Kevin D. Dorfman},
	Title = {Is DNA a Good Model Polymer?},
	Journal = {Macromolecules},
	Year = {2013},
    Month = {10},
    Volume = {46},
    Pages = {8369-8382},
    Doi = {10.1021/ma401507f}
}

@article{Tree2013a,
	Author = {Tree, Douglas R. and Wang, Yanwei and Kevin D. Dorfman},
	Title = {Extension of {DNA} in a Nanochannel as a Rod-to-Coil Transition},
	Journal = {Phys. Rev. Lett.},
	Year = {2013},
    Month = {5},
    Volume = {110},
    Pages = {208103},
    Doi = {10.1103/PhysRevLett.110.208103}
}

@article{Dai2013,
	Author = {Dai, Liang and Tree, Douglas R. and van der Maarel, Johan R. C. and Dorfman, Kevin D. and Doyle, Patrick S.},
  usera={2},
	Title = {Revisiting Blob Theory for DNA Diffusivity in Slitlike Confinement},
	Journal = {Phys. Rev. Lett.},
	Year = {2013},
    Month = {4},
	Volume = {110},
	Pages = {168105},
	Doi = {10.1103/PhysRevLett.110.168105}
}

@article{Dorfman2013,
	Author = {Dorfman, Kevin D. and King, Scott B. and Olson, Daniel W. and Thomas, Joel D. P. and Tree, Douglas R.},
  usera={5},
	Title = {Beyond Gel Electrophoresis: Microfluidic Separations, Fluorescence Burst Analysis, and DNA Stretching},
	Journal = {Chem. Rev.},
	Year = {2013},
    Month = {4},
	Volume = {113},
	Number = {4},
	Pages = {2584--2667},
	Doi = {10.1021/cr3002142}
}

@article{Reinhart2013,
	Author = {Wesley F. Reinhart and Douglas R. Tree and Kevin D. Dorfman},
  usera={2},
	Title = {Entropic depletion of {DNA} in triangular nanochannels},
	Journal = {Biomicrofluidics},
	Year = {2013},
    Month = {3}, 
	Volume = {7},
	Number = {2},
Pages = {024102},
	Doi = {10.1063/1.4794371}
}

@article{Tree2012,
	Author = {Tree, Douglas R. and Wang, Yanwei and Dorfman, Kevin D.},
	Doi = {10.1103/PhysRevLett.108.228105},
	Journal = {Phys. Rev. Lett.},
	Pages = {228105},
	Title = {Mobility of a Semiflexible Chain Confined in a Nanochannel},
	Volume = {108},
    Month = {6}, 
	Year = {2012}
}

@article{Wang2012,
	Author = {Wang, Yanwei and Reinhart, Wes F. and Tree, Douglas R. and Dorfman, Kevin D.},
  usera={3},
	Doi = {10.1063/1.3672691},
	Journal = {Biomicrofluidics},
	Number = {1},
	Pages = {014101--9},
	Title = {Resolution limit for {DNA} barcodes in the {Odijk} regime},
	Volume = {6},
    Month = {1}, 
	Year = {2012}
}
@article{Wang2011,
	Author = {Wang, Yanwei and Tree, Douglas R. and Dorfman, Kevin D.},
  usera={2},
	Doi = {10.1021/ma201277e},
	Journal = {Macromolecules},
	Number = {16},
	Pages = {6594-6604},
	Title = {Simulation of {DNA} Extension in Nanochannels},
	Volume = {44},
    Month = {7},
	Year = {2011}
}

@Article{Fredrickson2002,
  author    = {Fredrickson, Glenn H.},
  title     = {Dynamics and rheology of inhomogeneous polymeric fluids: A complex {Langevin} approach},
  journal   = {The Journal of Chemical Physics},
  year      = {2002},
  volume    = {117},
  pages     = {6810},
  doi       = {10.1063/1.1505025}
}

@Article{Fraaije1997,
  author    = {Fraaije, J. G. E. M. and van Vlimmeren, B. A. C. and Maurits, N. M. and Postma, M. and Evers, O. A. and Hoffmann, C. and Altevogt, P. and Goldbeck-Wood, G.},
  title     = {The dynamic mean-field density functional method and its application to the mesoscopic dynamics of quenched block copolymer melts},
  journal   = {J. Chem. Phys.},
  year      = {1997},
  volume    = {106},
  pages     = {4260},
  doi       = {10.1063/1.473129}
}

@Article{Muller2013a,
  author    = {M{\"u}ller, Marcus and de Pablo, Juan J.},
  title     = {Computational Approaches for the Dynamics of Structure Formation in Self-Assembling Polymeric Materials},
  journal   = {Annu. Rev. Mater. Res.},
  year      = {2013},
  volume    = {43},
  pages     = {1--34},
  doi       = {10.1146/annurev-matsci-071312-121618},
}

@Article{Ortiz2005,
  author    = {Vanessa Ortiz and Steven O. Nielsen and Dennis E. Discher and Michael L. Klein and Reinhard Lipowsky and Julian Shillcock},
  title     = {Dissipative Particle Dynamics Simulations of Polymersomes},
  journal   = {The Journal of Physical Chemistry B},
  year      = {2005},
  volume    = {109},
  pages     = {17708--17714},
  doi       = {10.1021/jp0512762}
}

@Article{Ortiz2006,
  author    = {Vanessa Ortiz and Steven O. Nielsen and Michael L. Klein and Dennis E. Discher},
  title     = {Computer simulation of aqueous block copolymer assemblies: Length scales and methods},
  journal   = {Journal of Polymer Science Part B: Polymer Physics},
  year      = {2006},
  volume    = {44},
  pages     = {1907--1918},
  doi       = {10.1002/polb.20836}
}

@Article{Chen2014c,
  author    = {Meiling Chen and Meng Sun and Lixiang Wang and Xiaoya Liu},
  title     = {Formation of Vesicles from Amphiphilic Random Copolymers in Solution: A Dissipative Particle Dynamics Simulation Study},
  journal   = {Journal of Dispersion Science and Technology},
  year      = {2014},
  volume    = {35},
  pages     = {494--500},
  doi       = {10.1080/01932691.2013.796482}
}

@Article{Hayward2010,
  author    = {Hayward, Ryan C. and Pochan, Darrin J.},
  title     = {Tailored Assemblies of Block Copolymers in Solution: It Is All about the Process},
  journal   = {Macromolecules},
  year      = {2010},
  volume    = {43},
  pages     = {3577--3584},
  doi       = {10.1021/ma9026806}
}

@Article{Burke2001,
  author    = {Susan Burke and Hongwei Shen and Adi Eisenberg},
  title     = {Multiple vesicular morphologies from block copolymers in solution},
  journal   = {Macromolecular Symposia},
  year      = {2001},
  volume    = {175},
  pages     = {273--284},
  doi       = {10.1002/1521-3900(200110)175:1<273::aid-masy273>3.0.co;2-p}
}

@Article{Woloszczuk2008,
  author    = {S. Wo{\l}oszczuk and M. Banaszak and P. Knycha{\l}a and M. Radosz},
  title     = {{Monte} {Carlo} Phase Diagram of Symmetric Diblock Copolymer in Selective Solvent},
  journal   = {Macromolecules},
  year      = {2008},
  volume    = {41},
  pages     = {5945--5951},
  doi       = {10.1021/ma0718346}
}

@Article{Pierleoni2006,
  author    = {Carlo Pierleoni and Chris Addison and Jean-Pierre Hansen and Vincent Krakoviack},
  title     = {Multiscale Coarse Graining of Diblock Copolymer Self-Assembly: From Monomers to Ordered Micelles},
  journal   = {Physical Review Letters},
  year      = {2006},
  volume    = {96},
  pages     = {128302},
  doi       = {10.1103/physrevlett.96.128302}
}

@Article{Zhou2011a,
  author    = {Jiajia Zhou and An-Chang Shi},
  title     = {Critical Micelle Concentration of Micelles with Different Geometries in Diblock Copolymer/Homopolymer Blends},
  journal   = {Macromolecular Theory and Simulations},
  year      = {2011},
  volume    = {20},
  pages     = {690--699},
  doi       = {10.1002/mats.201100042}
}

@Article{Suo2009,
  author    = {Tongchuan Suo and Dadong Yan and Shuang Yang and An-Chang Shi},
  title     = {A Theoretical Study of Phase Behaviors for Diblock Copolymers in Selective Solvents},
  journal   = {Macromolecules},
  year      = {2009},
  volume    = {42},
  pages     = {6791--6798},
  doi       = {10.1021/ma900939u}
}

@Article{Sun2005,
  author    = {Pingchuan Sun and Yuhua Yin and Baohui Li and Tiehong Chen and Qinghua Jin and Datong Ding and An-Chang Shi},
  title     = {Simulated annealing study of morphological transitions of diblock copolymers in solution},
  journal   = {The Journal of Chemical Physics},
  year      = {2005},
  volume    = {122},
  pages     = {204905},
  doi       = {10.1063/1.1924452}
}

@Article{Shen2000,
  author    = {Hongwei Shen and Adi Eisenberg},
  title     = {Block Length Dependence of Morphological Phase Diagrams of the Ternary System of {PS}-b-{PAA}/Dioxane/{H2O}},
  journal   = {Macromolecules},
  year      = {2000},
  volume    = {33},
  pages     = {2561--2572},
  doi       = {10.1021/ma991161u}
}

@Article{Soo2004,
  author    = {Patrick Lim Soo and Adi Eisenberg},
  title     = {Preparation of block copolymer vesicles in solution},
  journal   = {Journal of Polymer Science Part B: Polymer Physics},
  year      = {2004},
  volume    = {42},
  pages     = {923--938},
  doi       = {10.1002/polb.10739}
}

@Article{Lodge2002,
  author    = {Timothy P. Lodge and Bryant Pudil and Kenneth J. Hanley},
  title     = {The Full Phase Behavior for Block Copolymers in Solvents of Varying Selectivity},
  journal   = {Macromolecules},
  year      = {2002},
  volume    = {35},
  pages     = {4707--4717},
  doi       = {10.1021/ma0200975}
}

@Article{Termonia2002,
  author    = {Yves Termonia},
  title     = {Sphere-to-cylinder transition in dilute solutions of diblock copolymers},
  journal   = {Journal of Polymer Science Part B: Polymer Physics},
  year      = {2002},
  volume    = {40},
  pages     = {890--895},
  doi       = {10.1002/polb.10158},
}

@Article{Srinivas2004,
  author    = {Srinivas, Goundla and Discher, Dennis E. and Klein, Michael L.},
  title     = {Self-assembly and properties of diblock copolymers by coarse-grain molecular dynamics},
  journal   = {Nat Mater},
  year      = {2004},
  volume    = {3},
  pages     = {638--644},
  doi       = {10.1038/nmat1185}
}

@Article{Srinivas2004a,
  author    = {Goundla Srinivas and John C. Shelley and Steve O. Nielsen and Dennis E. Discher and Michael L. Klein},
  title     = {Simulation of Diblock Copolymer Self-Assembly, Using a Coarse-Grain Model},
  journal   = {The Journal of Physical Chemistry B},
  year      = {2004},
  volume    = {108},
  pages     = {8153--8160},
  doi       = {10.1021/jp037842f}
}

@Article{Srinivas2007,
  author      = {Srinivas, Goundla and Klein, Michael L.},
  title       = {Molecular dynamics simulations of self-assembly and nanotube formation by amphiphilic molecules in aqueous solution: a coarse-grain approach},
  journal     = {Nanotechnology},
  year        = {2007},
  volume      = {18},
  pages       = {205703},
  doi         = {10.1088/0957-4484/18/20/205703}
}

@Article{Chen2012a,
  author    = {Houyang Chen and Eli Ruckenstein},
  title     = {Formation of complex colloidal particles: morphologies and mechanisms},
  journal   = {Soft Matter},
  year      = {2012},
  volume    = {8},
  pages     = {8911},
  doi       = {10.1039/c2sm26035b}
}

@Article{Li2013f,
  author    = {Bin Li and Li Zhao and Hu-Jun Qian and Zhong-Yuan Lu},
  title     = {Coarse-grained simulation study on the self-assembly of miktoarm star-like block copolymers in various solvent conditions},
  journal   = {Soft Matter},
  year      = {2013},
  volume    = {10},
  pages     = {2245--2252},
  doi       = {10.1039/c3sm52660g}
}

@Article{Sheng2007,
  author    = {Yu-Jane Sheng and Tzu-Yu Wang and Wei Ming Chen and Heng-Kwong Tsao},
  title     = {{A-B} Diblock Copolymer Micelles:~ Effects of Soluble-Block Length and Component Compatibility},
  journal   = {The Journal of Physical Chemistry B},
  year      = {2007},
  volume    = {111},
  pages     = {10938--10945},
  doi       = {10.1021/jp073408s}
}

@Article{Wang2012c,
  author    = {Long Wang and Rui Xu and Zilu Wang and Xuehao He},
  title     = {Kinetics of multicompartment micelle formation by self-assembly of {ABC} miktoarm star terpolymer in dilute solution},
  journal   = {Soft Matter},
  year      = {2012},
  volume    = {8},
  pages     = {11462},
  doi       = {10.1039/c2sm26886h}
}

@Article{Lowengrub2009,
  author    = {Lowengrub, John and R{\"a}tz, Andreas and Voigt, Axel},
  title     = {Phase-field modeling of the dynamics of multicomponent vesicles: Spinodal decomposition, coarsening, budding, and fission},
  journal   = {Phys. Rev. E},
  year      = {2009},
  volume    = {79},
  pages     = {031926},
  doi       = {10.1103/physreve.79.031926}
}

@Article{Prost2015,
  author    = {Prost, J. and J{\"u}licher, F. and Joanny, J-F.},
  title     = {Active gel physics},
  journal   = {Nat Phys},
  year      = {2015},
  volume    = {11},
  pages     = {111--117},
  doi       = {10.1038/nphys3224},
}

@Article{Aguilar-Hidalgo2018,
  author    = {Daniel Aguilar-Hidalgo and Steffen Werner and Ortrud Wartlick and Marcos Gonz{\'{a}}lez-Gait{\'{a}}n and Benjamin M. Friedrich and Frank J{\"u}licher},
  title     = {Critical Point in Self-Organized Tissue Growth},
  journal   = {Physical Review Letters},
  year      = {2018},
  volume    = {120},
  pages     = {198102}, 
  doi       = {10.1103/physrevlett.120.198102},
}

@Article{Werner2015,
  Title     = {Scaling and Regeneration of Self-Organized Patterns},
  Author    = {Werner, Steffen and St\"uckemann, Tom and Beir\'an Amigo, Manuel and Rink, Jochen C. and J\"ulicher, Frank and Friedrich, Benjamin M.},
  Journal   = {Phys. Rev. Lett.},
  Year      = {2015},
  Pages     = {138101},
  Volume    = {114},
  Doi       = {10.1103/PhysRevLett.114.138101},
}

@Article{Weber2018,
  author      = {Christoph A. Weber and David Zwicker and Frank J{\"u}licher and Chiu Fan Lee},
  title       = {Physics of Active Emulsions},
  journal     = {ArXiv},
  pages       = {1806.09552v2},
  year        = {2018}
}

@Article{Zwicker2017,
  author    = {Zwicker, David and Seyboldt, Rabea and Weber, Christoph A. and Hyman, Anthony A. and J{\"u}licher, Frank},
  title     = {Growth and division of active droplets provides a model for protocells},
  journal   = {Nature Physics},
  year      = {2017},
  volume    = {13},
  pages     = {408--413},
  doi       = {10.1038/nphys3984},
}

@Article{Salbreux2017a,
  author    = {Guillaume Salbreux and Frank J{\"u}licher},
  title     = {Mechanics of active surfaces},
  journal   = {Physical Review E},
  year      = {2017},
  volume    = {96},
  pages     = {032404},
  doi       = {10.1103/physreve.96.032404},
}

@Article{Stuckemann2017,
  author    = {Tom Stuckemann and James Patrick Cleland and Steffen Werner and Hanh Thi-Kim Vu and Robert Bayersdorf and Shang-Yun Liu and Benjamin Friedrich and Frank J{\"u}licher and Jochen Christian Rink},
  title     = {Antagonistic Self-Organizing Patterning Systems Control Maintenance and Regeneration of the Anteroposterior Axis in Planarians},
  journal   = {Developmental Cell},
  year      = {2017},
  volume    = {40},
  pages     = {248--263.e4},
  doi       = {http://dx.doi.org/10.1016/j.devcel.2016.12.024},
}

@Article{Naganathan2018,
  author    = {Sundar Ram Naganathan and Sebastian F{\"u}rthauer and Josana Rodriguez and Bruno Thomas Fievet and Frank J{\"u}licher and Julie Ahringer and Carlo Vittorio Cannistraci and Stephan W Grill},
  title     = {Morphogenetic degeneracies in the actomyosin cortex},
  journal   = {{eLife}},
  year      = {2018},
  volume    = {7},
  pages     = {e37677},
  doi       = {10.7554/elife.37677},
}

@Article{Hyman2014,
  author    = {Hyman, Anthony A. and Weber, Christoph A. and J{\"u}licher, Frank},
  title     = {Liquid-Liquid Phase Separation in Biology},
  journal   = {Annual Review of Cell and Developmental Biology},
  year      = {2014},
  volume    = {30},
  pages     = {39--58},
  doi       = {10.1146/annurev-cellbio-100913-013325},
}

@Article{Julicher2018,
  author    = {Frank J{\"u}licher and Stephan W Grill and Guillaume Salbreux},
  title     = {Hydrodynamic theory of active matter},
  journal   = {Reports on Progress in Physics},
  year      = {2018},
  volume    = {81},
  pages     = {076601},
  doi       = {10.1088/1361-6633/aab6bb},
}

@Article{Qian2017,
  author    = {Yuzhou Qian and Peter R. Kramer and Patrick T. Underhill},
  title     = {Stochastic kinetic theory for collective behavior of hydrodynamically interacting active particles},
  journal   = {Physical Review Fluids},
  year      = {2017},
  volume    = {2},
  pages     = {043104},
  doi       = {10.1103/physrevfluids.2.043104},
}

@Article{Takatori2014,
  Title                    = {Swim Pressure: Stress Generation in Active Matter},
  Author                   = {Takatori, S. C. and Yan, W. and Brady, J. F.},
  Journal                  = {Phys. Rev. Lett.},
  Year                     = {2014},
  Volume                   = {113},
  Pages                    = {028103},
  Doi                      = {10.1103/physrevlett.113.028103},
}

@Article{Takatori2015,
  author    = {Takatori, S. C. and Brady, J. F.},
  title     = {Towards a thermodynamics of active matter},
  journal   = {Phys. Rev. E},
  year      = {2015},
  volume    = {91},
  pages     = {032117},
  doi       = {10.1103/physreve.91.032117},
}

@Article{Bertrand2012,
  Title                    = {Active, motor-driven mechanics in a {DNA} gel},
  Author                   = {Bertrand, O. J. N. and Fygenson, D. K. and Saleh, O. A.},
  Journal                  = {Proceedings of the National Academy of Sciences},
  Year                     = {2012},
  Pages                    = {17342--17347},
  Volume                   = {109},
  Doi                      = {10.1073/pnas.1208732109},
}

@Article{Xiong2018,
  author    = {Yao Xiong and Pratyush Dayal and Anna C. Balazs and Olga Kuksenok},
  title     = {Phase Transitions and Pattern Formation in Chemo-Responsive Gels and Composites},
  journal   = {Israel Journal of Chemistry},
  year      = {2018},
  volume    = {58},
  pages     = {693--705},
  doi       = {10.1002/ijch.201700137},
}

@Article{Yao2018,
  author    = {Yuxing Yao and James T. Waters and Anna V. Shneidman and Jiaxi Cui and Xiaoguang Wang and Nikolaj K. Mandsberg and Shucong Li and Anna C. Balazs and Joanna Aizenberg},
  title     = {Multiresponsive polymeric microstructures with encoded predetermined and self-regulated deformability},
  journal   = {Proceedings of the National Academy of Sciences},
  year      = {2018},
  volume    = {115},
  pages     = {12950--12955},
  doi       = {10.1073/pnas.1811823115},
}

@Article{Shklyaev2018,
  author    = {Oleg E. Shklyaev and Henry Shum and Anna C. Balazs},
  title     = {Using Chemical Pumps and Motors To Design Flows for Directed Particle Assembly},
  journal   = {Accounts of Chemical Research},
  year      = {2018},
  volume    = {51},
  pages     = {2672--2680},
  doi       = {10.1021/acs.accounts.8b00234},
}

@Article{Laskar2018,
  author    = {Abhrajit Laskar and Oleg E. Shklyaev and Anna C. Balazs},
  title     = {Designing self-propelled, chemically active sheets: Wrappers, flappers, and creepers},
  journal   = {Science Advances},
  year      = {2018},
  volume    = {4},
  pages     = {eaav1745},
  doi       = {10.1126/sciadv.aav1745},
}

@Article{Balazs2018,
  author    = {Anna C. Balazs and Peer Fischer and Ayusman Sen},
  title     = {Intelligent Nano/Micromotors: Using Free Energy To Fabricate Organized Systems Driven Far from Equilibrium},
  journal   = {Accounts of Chemical Research},
  year      = {2018},
  volume    = {51},
  pages     = {2979--2979},
  doi       = {10.1021/acs.accounts.8b00511},
}

@Article{Bahadori2018,
  author    = {Azra Bahadori and Guillermo Moreno-Pescador and Lene B Oddershede and Poul M Bendix},
  title     = {Remotely controlled fusion of selected vesicles and living cells: a key issue review},
  journal   = {Reports on Progress in Physics},
  year      = {2018},
  volume    = {81},
  pages     = {032602},
  doi       = {10.1088/1361-6633/aa9966},
}

@Article{Keber2014,
  Title     = {Topology and dynamics of active nematic vesicles},
  Author    = {Keber, F. C. and Loiseau, E. and Sanchez, T. and DeCamp, S. J. and Giomi, L. and Bowick, M. J. and Marchetti, M. C. and Dogic, Z. and Bausch, A. R.},
  Journal   = {Science},
  Year      = {2014},
  Pages     = {1135--1139},
  Volume    = {345},
  Doi       = {10.1126/science.1254784},
}

@article{Binder2015,
    author   = {Schulz, Matthias and Binder, Wolfgang H.},
    title    = {Mixed Hybrid Lipid/Polymer Vesicles as a Novel Membrane Platform},
    journal  = {Macromolecular Rapid Communications},
    year     = {2015},
    volume   = {36},
    pages    = {2031--2041},
    doi      = {10.1002/marc.201500344}
}

@article{Vanderlick2011,
    author = {Nam, Jin and Beales, Paul A. and Vanderlick, T. Kyle},
    title = {Giant Phospholipid/Block Copolymer Hybrid Vesicles: Mixing Behavior and Domain Formation},
    journal = {Langmuir},
    volume = {27},
    pages = {1--6},
    year = {2011},
    doi = {10.1021/la103428g}
}

@article{Parikh2014,
    author = {Gettel, Douglas L. and Sanborn, Jeremy and Patel, Mira A. and de Hoog, Hans-Peter and Liedberg, Bo and Nallani, Madhavan and Parikh, Atul N.},
    title = {Mixing, Diffusion, and Percolation in Binary Supported Membranes Containing Mixtures of Lipids and Amphiphilic Block Copolymers},
    journal = {Journal of the American Chemical Society},
    volume = {136},
    pages = {10186--10189},
    year = {2014},
    doi = {10.1021/ja5037308}
}

@article{Paxton2018,
    Author = {Paxton, Walter F. and McAninch, Patrick T. and Shin, Sun Hae Ra and Brumbach, Michael T.},
    Title = {Adsorption and fusion of hybrid lipid/polymer vesicles onto 2D and 3D surfaces},
    Journal = {Soft Matter},
    Year = {2018},
    Volume = {14},
    Pages = {8112--8118},
    doi = {10.1039/c8sm00343b}
}

@book{Quintana2015,
    author = {Quintana, Hope Andrea},
    title = {Material and protein integration into polymersomes},
    publisher = {New Mexico State University},
    series = {Thesis (M.S.)--Chemical \& Materials Engineering, New Mexico State University, 2015.},
    year = {2015}
}

@article{Discher2009,
	author = {Christian, David A and Tian, Aiwei and Ellenbroek, Wouter G and Levental, Ilya and Rajagopal, Karthikan and Janmey, Paul A and Liu, Andrea J and Baumgart, Tobias and Discher, Dennis E},
	title = {Spotted vesicles, striped micelles and Janus assemblies induced by ligand binding},
	journal = {Nature materials},
	Volume = {8},
	Pages = {843--849},
	Year = {2009},
	doi = {10.1038/nmat2512}
}

@Article{Donev2018,
  author    = {Aleksandar Donev and Chiao-Yu Yang and Changho Kim},
  title     = {Efficient reactive Brownian dynamics},
  journal   = {The Journal of Chemical Physics},
  year      = {2018},
  volume    = {148},
  pages     = {034103},
  doi       = {10.1063/1.5009464}
}

@InProceedings{Smaldon2008,
  author    = {James Smaldon and Jonathan Blakes and Natalio Krasnogor and Doron Lancet},
  title     = {A multi-scaled approach to artificial life simulation with P systems and dissipative particle dynamics},
  booktitle = {Proceedings of the 10th annual conference on Genetic and evolutionary computation},
  year      = {2008},
  publisher = {{ACM} Press},
  doi       = {10.1145/1389095.1389134}
}

@Article{Smaldon2010,
  author    = {James Smaldon and Francisco J. Romero-Campero and Francisco Fern{\'a}ndez Trillo and Marian Gheorghe and Cameron Alexander and Natalio Krasnogor},
  title     = {A computational study of liposome logic: towards cellular computing from the bottom up},
  journal   = {Systems and Synthetic Biology},
  year      = {2010},
  volume    = {4},
  pages     = {157--179},
  doi       = {10.1007/s11693-010-9060-5}
}

@Article{Doi1976,
  author    = {Doi, M},
  title     = {Stochastic theory of diffusion-controlled reaction},
  journal   = {Journal of Physics A: Mathematical and General},
  year      = {1976},
  volume    = {9},
  pages     = {1479--1495},
  doi       = {10.1088/0305-4470/9/9/009}
}

@Article{Gillespie2007,
  author    = {Gillespie, Daniel T.},
  title     = {Stochastic Simulation of Chemical Kinetics},
  journal   = {Annu. Rev. Phys. Chem.},
  year      = {2007},
  volume    = {58},
  pages     = {35--55},
  doi       = {10.1146/annurev.physchem.58.032806.104637}
}

@Article{Gillespie2013,
  author    = {Gillespie, Daniel T. and Hellander, Andreas and Petzold, Linda R.},
  title     = {Perspective: Stochastic algorithms for chemical kinetics},
  journal   = {J. Chem. Phys.},
  year      = {2013},
  volume    = {138},
  pages     = {170901},
  doi       = {10.1063/1.4801941}
}

@Article{Groot1997,
  author    = {Robert D. Groot and Patrick B. Warren},
  title     = {Dissipative particle dynamics: Bridging the gap between atomistic and mesoscopic simulation},
  journal   = {The Journal of Chemical Physics},
  year      = {1997},
  volume    = {107},
  pages     = {4423--4435},
  doi       = {10.1063/1.474784}
}

@Article{Zhang2011c,
  author    = {Liangshun Zhang and Agur Sevink and Friederike Schmid},
  title     = {Hybrid Lattice {Boltzmann}/Dynamic Self-Consistent Field Simulations of Microphase Separation and Vesicle Formation in Block Copolymer Systems},
  journal   = {Macromolecules},
  year      = {2011},
  volume    = {44},
  pages     = {9434--9447},
  doi       = {10.1021/ma2018638}
}


@Article{Lowe1999,
  author    = {C. P Lowe},
  title     = {An alternative approach to dissipative particle dynamics},
  journal   = {Europhysics Letters ({EPL})},
  year      = {1999},
  volume    = {47},
  pages     = {145--151},
  doi       = {10.1209/epl/i1999-00365-x},
}

@InCollection{Lowe2004,
  author    = {Christopher P. Lowe and Menno W. Dreischor},
  title     = {Simulating the Dynamics of Mesoscopic Systems},
  booktitle = {Novel Methods in Soft Matter Simulations},
  publisher = {Springer Berlin Heidelberg},
  year      = {2004},
  pages     = {39--68},
  doi       = {10.1007/978-3-540-39895-0_2}
}

@InCollection{Groot2004,
  author    = {Robert D. Groot},
  title     = {Applications of Dissipative Particle Dynamics},
  booktitle = {Novel Methods in Soft Matter Simulations},
  year      = {2004},
  publisher = {Springer Berlin Heidelberg},
  pages     = {5--38},
  doi       = {10.1007/978-3-540-39895-0_1}
}

@Article{Phillips2011,
  author    = {Carolyn L. Phillips and Joshua A. Anderson and Sharon C. Glotzer},
  title     = {Pseudo-random number generation for Brownian Dynamics and Dissipative Particle Dynamics simulations on {GPU} devices},
  journal   = {Journal of Computational Physics},
  year      = {2011},
  volume    = {230},
  pages     = {7191--7201},
  doi       = {10.1016/j.jcp.2011.05.021}
}

@Article{Plimpton1995,
  author    = {Steve Plimpton},
  title     = {Fast Parallel Algorithms for Short-Range Molecular Dynamics},
  journal   = {Journal of Computational Physics},
  year      = {1995},
  volume    = {117},
  pages     = {1--19},
  doi       = {10.1006/jcph.1995.1039},
  url       = {http://lammps.sandia.gov}
}

@Article{Wang2018e,
  author        = {Wang, Muhan and Pei, Shuai and Fang, Timing and Yan, Youguo and Xu, Jiafang and Zhang, Jun},
  title         = {Dissipative Particle Dynamics Simulation on Vesicles Self-Assembly Controlled by Terminal Groups},
  journal       = {Journal of Physical Chemistry B},
  year          = {2018},
  volume        = {122},
  pages         = {10607--10614},
  doi           = {10.1021/acs.jpcb.8b07567}
}

@Book{Krevelen2009,
  author    = {D. W. Van Krevelen and K. Te Nijenhuis},
  title     = {Properties of Polymers: Their Correlation with Chemical Structure; Their Numerical Estimation and Prediction from Additive Group Contributions},
  publisher = {Elsevier},
  year      = {2009},
  edition   = {{4th}}
}

@Article{Keller2009,
	author ={Li, Min-Hui and Keller, Patrick},
	title  ={Stimuli-responsive polymer vesicles},
	journal  ={Soft Matter},
	year  ={2009},
	volume  ={5},
	pages  ={927--937},
	doi  ={10.1039/B815725A},
}

@article{Leroux2012,
  author    = {Arnaud E. Felber and Marie-Hélène Dufresne and Jean-Christophe Leroux},
  title     = {{pH}-sensitive vesicles, polymeric micelles, and nanospheres prepared with polycarboxylates},
  journal   = {Advanced Drug Delivery Reviews},
  volume    = {64},
  pages     = {979--992},
  year      = {2012},
  doi       = {https://doi.org/10.1016/j.addr.2011.09.006},
}

@Article{Fraaije2005,
  author    = {Fraaije, J. G. E. M. and van Sluis, C. A. and Kros, A. and Zvelindovsky, A. V. and Sevink, G. J. A.},
  title     = {Design of chimaeric polymersomes},
  journal   = {Faraday Discussions},
  year      = {2005},
  volume    = {128},
  pages     = {355--361},
  doi       = {10.1039/b403187c}
}

@Article{Loverde2011,
  author    = {Sharon M. Loverde and Diego A. Pantano and David A. Christian and Abdullah Mahmud and Michael L. Klein and Dennis E. Discher},
  title     = {Curvature, rigidity, and pattern formation in functional polymer micelles and vesicles---From dynamic visualization to molecular simulation},
  journal   = {Current Opinion in Solid State and Materials Science},
  year      = {2011},
  volume    = {15},
  pages     = {277--284},
  doi       = {10.1016/j.cossms.2011.06.003}
}

@Article{Bates2012,
  author        = {Bates, F. S. and Hillmyer, M. A. and Lodge, T. P. and Bates, C. M. and Delaney, K. T. and Fredrickson, G. H.},
  title         = {Multiblock Polymers: Panacea or Pandora's Box?},
  journal       = {Science},
  year          = {2012},
  volume        = {336},
  pages         = {434--440},
  doi           = {10.1126/science.1215368}
}

@Article{Rideau2018,
  author        = {Rideau, Emeline and Dimova, Rumiana and Schwille, Petra and Wurm, Frederik R. and Landfester, Katharina},
  title         = {Liposomes and polymersomes: a comparative review towards cell mimicking},
  journal       = {Chem. Soc. Rev.},
  year          = {2018},
  volume        = {47},
  pages         = {8572--8610},
  doi           = {10.1039/C8CS00162F}
}

@Article{Paradiso2016a,
  author    = {Sean P. Paradiso and Kris T. Delaney and Glenn H. Fredrickson},
  title     = {Swarm Intelligence Platform for Multiblock Polymer Inverse Formulation Design},
  journal   = {{ACS} Macro Letters},
  year      = {2016},
  volume    = {5},
  pages     = {972--976},
  doi       = {10.1021/acsmacrolett.6b00494}
}

@Article{Khadilkar2017,
  author    = {Khadilkar, Mihir R. and Paradiso, Sean and Delaney, Kris T. and Fredrickson, Glenn H.},
  title     = {Inverse Design of Bulk Morphologies in Multiblock Polymers Using Particle Swarm Optimization},
  journal   = {Macromolecules},
  year      = {2017},
  volume    = {50},
  pages     = {6702--6709},
  doi       = {10.1021/acs.macromol.7b01204}
}

@Article{Long2015,
  author    = {Andrew W. Long and Jie Zhang and Steve Granick and Andrew L. Ferguson},
  title     = {Machine learning assembly landscapes from particle tracking data},
  journal   = {Soft Matter},
  year      = {2015},
  volume    = {11},
  pages     = {8141--8153},
  doi       = {10.1039/c5sm01981h}
}

@Article{Jadrich2015,
  author    = {R. B. Jadrich and J. A. Bollinger and B. A. Lindquist and T. M. Truskett},
  title     = {Equilibrium cluster fluids: pair interactions via inverse design},
  journal   = {Soft Matter},
  year      = {2015},
  volume    = {11},
  pages     = {9342--9354},
  doi       = {10.1039/c5sm01832c}
}

@Article{Jain2013,
  author    = {Avni Jain and Jeffrey R. Errington and Thomas M. Truskett},
  title     = {Inverse design of simple pairwise interactions with low-coordinated 3D lattice ground states},
  journal   = {Soft Matter},
  year      = {2013},
  volume    = {9},
  pages     = {3866},
  doi       = {10.1039/c3sm27785b}
}

@Article{Shell2008,
  author    = {Shell, M. Scott},
  title     = {The relative entropy is fundamental to multiscale and inverse thermodynamic problems},
  journal   = {The Journal of Chemical Physics},
  year      = {2008},
  volume    = {129},
  pages     = {144108},
  doi       = {10.1063/1.2992060}
}

@Article{Tsai2016,
  author    = {Tsai, Carol L. and Delaney, Kris T. and Fredrickson, Glenn H.},
  title     = {Genetic Algorithm for Discovery of Globally Stable Phases in Block Copolymers},
  journal   = {Macromolecules},
  year      = {2016},
  volume    = {49},
  pages     = {6558--6567},
  doi       = {10.1021/acs.macromol.6b01323}
}

@article{Barb1949,
   author = {Barb, W. G. and Baxendale, J. H. and George, Philip and Hargrave, K. R.},
   title = {Reactions of Ferrous and Ferric Ions with Hydrogen Peroxide},
   journal = {Nature},
   volume = {163},
   pages = {692},
   doi = {10.1038/163692a0},
   year = {1949},
}

@article{Ravasco2019,
   author = {Ravasco, Jo{\~a}o M. J. M. and Faustino, Hélio and Trindade, Alexandre and Gois, Pedro M. P.},
   title = {Bioconjugation with Maleimides: A Useful Tool for Chemical Biology},
   journal = {Chemistry---A European Journal},
   volume = {25},
   number = {1},
   pages = {43-59},
   doi = {10.1002/chem.201803174},
   year = {2019}
}

@article{Heald2014,
   author = {Heald, Rebecca and Cohen-Fix, Orna},
   title = {Morphology and function of membrane-bound organelles},
   journal = {Current opinion in cell biology},
   volume = {26},
   pages = {79--86},
   doi = {10.1016/j.ceb.2013.10.006},
   year = {2014},
}

@article{Inaoka2007,
author = {Inaoka, Yasuyuki and Yamazaki, Masahito},
title = {Vesicle Fission of Giant Unilamellar Vesicles of Liquid-Ordered-Phase Membranes Induced by Amphiphiles with a Single Long Hydrocarbon Chain},
journal = {Langmuir},
volume = {23},
pages = {720--728},
year = {2007},
doi = {10.1021/la062078k}
}

@article{Matyjaszewski2012,
    author = {Matyjaszewski, Krzysztof},
    title = {Atom Transfer Radical Polymerization (ATRP): Current Status and Future Perspectives},
    journal = {Macromolecules},
    volume = {45},
    pages = {4015--4039},
    year = {2012},
    doi = {10.1021/ma3001719},
}



